% This file was created with JabRef 2.10.
% Encoding: UTF-8


@Misc{homekit,
  Title                    = {Apple HomeKit},

  Author                   = {{Apple Inc.}},
  Year                     = {2016},

  Owner                    = {fabio},
  Timestamp                = {2016.02.02},
  Url                      = {http://www.apple.com/ios/homekit/}
}

@Misc{smartthings,
  Title                    = {Samsung SmartThings},

  Author                   = {{SmartThings Inc.}},
  Year                     = {2016},

  Owner                    = {fabio},
  Timestamp                = {2016.02.02},
  Url                      = {https://www.smartthings.com/}
}

@Misc{wigwag,
  Title                    = {WigWag},
  Year                     = {2015},

  Owner                    = {fabio},
  Timestamp                = {2016.02.01},
  Url                      = {http://wigwag.com/index.html}
}

@Misc{wsensortags,
  Title                    = {Wireless Sensor Tags},
  Year                     = {2015},

  Owner                    = {fabio},
  Timestamp                = {2016.02.01},
  Url                      = {http://wirelesstag.net/index.html}
}

@book{harper2006,
  title={Inside the smart home},
  author={Harper, Richard},
  year={2006},
  publisher={Springer Science \& Business Media}
}

@Misc{gartner,
  Title                    = {Gartner's 2015 Hype Cycle for Emerging Technologies Identifies the Computing Innovations That Organizations Should Monitor},

  Author                   = {{Gartner}},
  Year                     = {2015},

  Owner                    = {fabio},
  Timestamp                = {2016.02.03},
  Url                      = {http://www.gartner.com/newsroom/id/3114217}
}

@inproceedings{jiang2004,
  title={Smart home research},
  author={Jiang, Li and Liu, Da-You and Yang, Bo and others},
  booktitle={Proceedings of the Third Conference on Machine Learning and Cybernetics SHANGHAI},
  pages={659--664},
  year={2004}
}

@article{chan2008,
  title={A review of smart homes - Present state and future challenges},
  author={Chan, Marie and Est{\`e}ve, Daniel and Escriba, Christophe and Campo, Eric},
  journal={Computer methods and programs in biomedicine},
  volume={91},
  number={1},
  pages={55--81},
  year={2008},
  publisher={Elsevier}
}

